% Encoding: UTF-8

@Article{Anguelov2010,
  author    = {Anguelov, R. and Fabris-Rotelli, I.},
  title     = {{LULU} Operators and Discrete Pulse Transform for Multidimensional Arrays},
  journal   = {IEEE Transactions on Image Processing},
  year      = {2010},
  volume    = {19},
  number    = {3},
  pages     = {3012-3023},
  owner     = {p4196899},
  timestamp = {2014.01.24},
}

@Book{bain1987introduction,
  title     = {Introduction to Probability and Mathematical Statistics},
  publisher = {Brooks/Cole},
  year      = {1987},
  author    = {Bain, LJ and Engelhardt, M},
}

@Comment{jabref-meta: databaseType:bibtex;}
