% Encoding: UTF-8

@Book{Damania2017,
  author    = {Richard Damania and SÃ©bastien Desbureaux and Marie Hyland and Asif Islam and Scott Moore and Aude-Sophie Rodella and Jason Russ and Esha Zaveri},
  date      = {2017-10-01},
  title     = {Uncharted Waters: The New Economics of Water Scarcity and Variability},
  doi       = {10.1596/978-1-4648-1179-1},
  eprint    = {https://elibrary.worldbank.org/doi/pdf/10.1596/978-1-4648-1179-1},
  publisher = {The World Bank},
  url       = {https://elibrary.worldbank.org/doi/abs/10.1596/978-1-4648-1179-1},
  year      = {2017},
}

@Article{CDP2017,
  author  = {CDP},
  title   = {A Turning Tide:Tracking corporate action on water security},
  url     = {https://www.cdp.net/en/research/global-reports/global-water-report-2017},
  journal = {CDP Global Water Report},
  year    = {2017},
}

@Article{CDP2015,
  author  = {CDP},
  title   = {Accelerating action},
  url     = {https://www.cdp.net/en/research/global-reports/global-water-report-2015},
  journal = {CDP Global Water Report},
  year    = {2015},
}

@Conference{Economic2016,
  title     = {The Sustainable Development Goals Report 2016},
  doi       = {https://doi.org/https://doi.org/10.18356/3405d09f-en},
  pages     = {54},
  publisher = {United Nations Department of Economic and Social Affairs},
  url       = {https://www.un-ilibrary.org/content/publication/3405d09f-en},
  year      = {2016},
}

@Comment{jabref-meta: databaseType:biblatex;}
